@INPROCEEDINGS{Kreaseck00limitsof,
    author = {Barbara Kreaseck and Dean Tullsen and Brad Calder},
    title = {Limits of Task-based Parallelism in Irregular Applications},
    booktitle = {In Proc. of the International Symposium on High Performance Computing},
    year = {2000}
}

@article{dagum98openmp,
 author = {Leonardo Dagum and Ramesh Menon},
 title = {OpenMP: An Industry-Standard API for Shared-Memory Programming},
 journal = {IEEE Comput. Sci. Eng.},
 volume = {5},
 number = {1},
 year = {1998},
 issn = {1070-9924},
 pages = {46--55},
 doi = {http://dx.doi.org/10.1109/99.660313},
 publisher = {IEEE Computer Society Press},
 address = {Los Alamitos, CA, USA},
 }

@article{ ferrante87program,
 author = {Jeanne Ferrante and Karl J. Ottenstein and Joe D. Warren},
 title = {The program dependence graph and its use in optimization},
 journal = {ACM Trans. Program. Lang. Syst.},
 volume = {9},
 number = {3},
 year = {1987},
 issn = {0164-0925},
 pages = {319--349},
 doi = {http://doi.acm.org/10.1145/24039.24041},
 publisher = {ACM},
 address = {New York, NY, USA},
}

@inproceedings{smith98study,
 author = {James E. Smith},
 title = {A study of branch prediction strategies},
 booktitle = {ISCA '98: 25 years of the international symposia on Computer architecture (selected papers)},
 year = {1998},
 isbn = {1-58113-058-9},
 pages = {202--215},
 location = {Barcelona, Spain},
 doi = {http://doi.acm.org/10.1145/285930.285980},
 publisher = {ACM},
 address = {New York, NY, USA},
}

@book{aho86compilers,
  address = {Boston, MA, USA},
  author = {Aho, Alfred  V.  and Sethi, Ravi   and Ullman, Jeffrey  D. },
  isbn = {0201100886},
  publisher = {Addison-Wesley Longman Publishing Co., Inc.},
  title = {Compilers: principles, techniques, and tools},
  url = {http://portal.acm.org/citation.cfm?id=6448},
  year = {1986}
}

@book{muchnick97advanced,
 author = {Muchnick, Steven S.},
 title = {Advanced compiler design and implementation},
 year = {1997},
 isbn = {1-55860-320-4},
 publisher = {Morgan Kaufmann Publishers Inc.},
 address = {San Francisco, CA, USA},
}

@book{kennedy02optimizing,
 author = {Ken Kennedy and John R. Allen},
 title = {Optimizing compilers for modern architectures: a dependence-based approach},
 year = {2002},
 isbn = {1-55860-286-0},
 publisher = {Morgan Kaufmann Publishers Inc.},
 address = {San Francisco, CA, USA},
}

@article{landi92undecidability,
  title={Undecidability of static analysis},
  author={Landi, W.},
  journal={ACM Letters on Programming Languages and Systems (LOPLAS)},
  volume={1},
  number={4},
  pages={323--337},
  year={1992},
  publisher={ACM New York, NY, USA}
}

@conference{raza09automatic,
  title={Automatic Parallelization with Separation Logic},
  author={Raza, M. and Calcagno, C. and Gardner, P.},
  booktitle={Programming Languages and Systems: 18th European Symposium on Programming, ESOP 2009, Held as Part of the Joint European Conferences on Theory and Practice of Software, ETAPS 2009, York},
  pages={348},
  year={2009},
  organization={Springer-Verlag New York Inc}
}

@article{blumofe96cilk,
  author =       {R. Blumofe and C. Joerg and B. Kuszmaul and
                  C. Leiserson and K. Randall and Y. Zhou},
  title =        {{Cilk}: An Efficient Multithreaded Runtime System},
  journal =      {Journal of Parallel and Distributed Comuting},
  volume =       {37},
  number =       {1},
  pages =        {55--69},
  month =        aug,
  year =         {1996}
}

@inproceedings{lea00java,
  author =       {D. Lea},
  title =        {A {Java} fork/join framework},
  booktitle =    {JAVA '00: Proceedings of the ACM 2000 conference on
                  Java Grande},
  year =         {2000},
  isbn =         {1-58113-288-3},
  pages =        {36--43},
  location =     {San Francisco, California, United States},
  publisher =    {ACM Press},
  address =      {New York},
}

@inproceedings{charles05x10,
 author = {Philippe Charles and Christian Grothoff and Vijay Saraswat and Christopher Donawa and Allan Kielstra and Kemal Ebcioglu and Christoph von Praun and Vivek Sarkar},
 title = {X10: an object-oriented approach to non-uniform cluster computing},
 booktitle = {OOPSLA '05: Proceedings of the 20th annual ACM SIGPLAN conference on Object oriented programming, systems, languages, and applications},
 year = {2005},
 isbn = {1-59593-031-0},
 pages = {519--538},
 location = {San Diego, CA, USA},
 doi = {http://doi.acm.org/10.1145/1094811.1094852},
 publisher = {ACM},
 address = {New York, NY, USA},
}

@inproceedings{ wall91limits,
    author = {D. W. Wall},
    title = {Limits of Instruction-Level Parallelism},
    booktitle = {Proceedings of the 4th International Conference on Architectural Support for Programming Languages and Operating System ({ASPLOS})},
    journal = {SIGPLAN Notices},
    volume = {26},
    number = {4},
    publisher = {ACM Press},
    address = {New York, NY},
    isbn = {0-89791-380-9},
    pages = {176--189},
    year = {1991},
    url = {citeseer.ist.psu.edu/wall90limits.html}
}

@article{ postiff99limits,
    author = {Matthew A. Postiff and David A. Greene and Gary S. Tyson and Trevor N. Mudge},
    title = {The limits of Instruction Level Parallelism in {SPEC95} Applications},
    journal = {Computer Architecture News},
    volume = {217},
    number = {1},
    pages = {31--34},
    year = {1999},
    url = {citeseer.ist.psu.edu/246783.html}
}

@inproceedings{ austin92dynamic,
    author = {T. M. Austin and G. S. Sohi},
    title = {Dynamic dependency analysis of ordinary programs},
    booktitle = {Nineteenth International Symposium on Computer Architecture},
    publisher = {ACM and IEEE Computer Society},
    address = {Gold Coast, Australia},
    pages = {342--351},
    year = {1992},
    url = {citeseer.ist.psu.edu/austin92dynamic.html}
}

@inproceedings{ lam92limits,
    author = {M. S. Lam and R. P. Wilson},
    title = {Limits of control flow on parallelism},
    booktitle = {Nineteenth International Symposium on Computer Architecture},
    publisher = {ACM and IEEE Computer Society},
    address = {Gold Coast, Australia},
    pages = {46--57},
    year = {1992},
    url = {citeseer.ist.psu.edu/111342.html}
}

@inproceedings{ mak09limits,
    author = {J. Mak and A. Mycroft},
    title = {Limits of Parallelism Using Dynamic Dependency Graphs},
    booktitle = {WODA '09: Proceedings of the 2009 international workshop on dynamic analysis},
    publisher = {ACM},
    address = {Chicago, Illinois, USA},
    year = {2009}
}

@inproceedings{warg01limits,
 author = {Warg, Fredrik and Stenstr\"{o}m, Per},
 title = {Limits on Speculative Module-Level Parallelism in Imperative and Object-Oriented Programs on CMP Platforms},
 booktitle = {PACT '01: Proceedings of the 2001 International Conference on Parallel Architectures and Compilation Techniques},
 year = {2001},
 isbn = {0-7695-1363-8},
 pages = {221--230},
 publisher = {IEEE Computer Society},
 address = {Washington, DC, USA},
 }

