@inproceedings{ frigo98implementation,
    author = "Matteo Frigo and Charles E. Leiserson and Keith H. Randall",
    title = "The Implementation of the {Cilk-5} Multithreaded Language",
    booktitle = "{SIGPLAN} Conference on Programming Language Design and 
                  Implementation",
    pages = "212-223",
    year = "1998",
    url = "citeseer.ist.psu.edu/frigo98implementation.html" 
}

@inproceedings{93590,
 author = {V. Sarkar},
 title = {Instruction reordering for fork-join parallelism},
 booktitle = {PLDI '90: Proceedings of the ACM SIGPLAN 1990 
             conference on Programming language design and implementation},
 year = {1990},
 isbn = {0-89791-364-7},
 pages = {322--336},
 location = {White Plains, New York, United States},
 doi = {http://doi.acm.org/10.1145/93542.93590},
 publisher = {ACM Press},
 address = {New York, NY, USA},
 }

@inproceedings{337465,
 author = {Doug Lea},
 title = {A Java fork/join framework},
 booktitle = {JAVA '00: Proceedings of the ACM 2000 conference on Java Grande},
 year = {2000},
 isbn = {1-58113-288-3},
 pages = {36--43},
 location = {San Francisco, California, United States},
 doi = {http://doi.acm.org/10.1145/337449.337465},
 publisher = {ACM Press},
 address = {New York, NY, USA},
 }
